@inproceedings{DT05,
AUTHOR	= {J. Diebel and S. Thrun },
title		= {An Application of Markov Random Fields to Range Sensing},
booktitle	= {Proceedings of Conference on Neural Information Processing Systems},
YEAR		= {2005},
PUBLISHER	= {MIT Press},
ADDRESS	= {Cambridge, MA}
}

@inproceedings{YYDN07,
author = {Q. Yang and R. Yang and J. Davis and D. Nist\'{e}r},
title = {Spatial-depth super resolution for range images},
booktitle={IEEE Conference on Computer Vision and Pattern Recognition },
year={2007},
pages={1-8},
ISSN={1063-6919},
}

@inproceedings{HS07,
author = {H. Hirschm\"{u}ller and D. Scharstein},
title = {Evaluation of cost functions for stereo matching},
booktitle={IEEE Conference on Computer Vision and Pattern Recognition},
year={2007},
pages={1-8},
ISSN={1063-6919},
}

@inproceedings{CBTT08,
author = {D. Chan and H. Buisman and C. Theobalt and S. Thrun},
title = {A noise aware filter for real-time depth upsampling},
booktitle = {{Workshop on Multi-camera and Multi-modal Sensor Fusion Algorithms and Applications}},
address = {Marseille, France},
year={2008},
}

@article{HSJS10,
author = {B. Huhle and T. Schairer and P. Jenke and W. Strasser},
title = {Fusion of range and color images for denoising and resolution enhancement with a non-local filter},
journal = {Computer Vision and Image Understanding},
issue_date = {December, 2010},
volume = {114},
number = {12},
month = dec,
year = {2010},
issn = {1077-3142},
pages = {1336--1345},
numpages = {10},
acmid = {1872344},
publisher = {Elsevier Science Inc.},
address = {New York, NY, USA},
}


@article{KCLU07,
 author = {Kopf, Johannes and Cohen, Michael F. and Lischinski, Dani and Uyttendaele, Matt},
 title = {Joint Bilateral Upsampling},
 journal = {ACM Transactions on Graphics},
 issue_date = {July 2007},
 volume = {26},
 number = {3},
 month = jul,
 year = {2007},
 issn = {0730-0301},
 acmid = {1276497},
 publisher = {ACM},
 address = {New York, NY, USA},
} 


@article{CRT06,
author = {E. Cand\`{e}s and J. Romberg and T. Tao},
title = {Robust uncertainty principles: exact signal reconstruction from highly incomplete frequency information},
journal={IEEE Transactions on Information Theory},
year={2006},
volume={52},
number={2},
pages={489-509},
ISSN={0018-9448},
}

@article{CW08,
author = {E. Cand\`{e}s and M. Wakin},
title = {An introduction to compressive sampling},
journal = {IEEE Signal Processing Magazine},
year={2008},
volume={25},
number={2},
pages={21-30},
ISSN={1053-5888},
}

@article{CR07,
author = {E. Cand\`{e}s and J. Romberg},
title = {Sparsity and incoherence in compressive sampling},
journal = {Inverse Problems},
volume = {23},
issue = {3},
pages = {969-985},
year = {2007},
month = jun,
issn = {0266-5611},
}

@article{Donoho06,
author = {D. Donoho},
title = {Compressive sensing},
journal={IEEE Transactions on Information Theory},
year={2006},
volume={52},
number={4},
pages={1289-1306},
ISSN={0018-9448}
}

@inproceedings{PKTBK11,
author = {J. Park and H. Kim and Y. Tai and M. S. Brown and I. Kweon},
title = {High Quality Depth Map Upsampling for 3D-TOF Cameras},
booktitle = {Proceedings of the 2011 International Conference on Computer Vision},
 year = {2011},
 isbn = {978-1-4577-1101-5},
 pages = {1623--1630},
 numpages = {8},
 acmid = {2356595},
 publisher = {IEEE Computer Society},
 address = {Washington, DC, USA},
}

@inproceedings{HKD11,
author = {S. Hawe and M. Kleinsteuber, K. Diepold},
title = {Dense Disparity Maps from Sparse Disparity Measurements},
journal ={IEEE International Conference on Computer Vision  },
volume = {0},
isbn = {978-1-4577-1101-5},
year = {2011},
pages = {2126-2133},
publisher = {IEEE Computer Society},
address = {Los Alamitos, CA, USA},
}

@inproceedings{TM981,
author = {C. Tomasi and R. Manduchi},
title = {Bilateral filtering for gray and color images},
booktitle = {Proceedings of the Sixth International Conference on Computer Vision},
 year = {1998},
 isbn = {81-7319-221-9},
 pages = {839},
 acmid = {939190},
 publisher = {IEEE Computer Society},
 address = {Washington, DC, USA},
}


@inproceedings{TM98,
 author = {Tomasi, C. and Manduchi, R.},
 title = {Bilateral Filtering for Gray and Color Images},
 booktitle = {Proceedings of the Sixth International Conference on Computer Vision},
 year = {1998},
 isbn = {81-7319-221-9},
 pages = {839},
 acmid = {939190},
 publisher = {IEEE Computer Society},
 address = {Washington, DC, USA},
}


@inproceedings{BCM05,
author = {A. Buades and B. Coll and J. M. Morel},
booktitle={IEEE  Conference on Computer Vision and Pattern Recognition },
year={2005},
volume={2},
pages={60-65 vol. 2},
ISSN={1063-6919},
}

@inproceedings{WJYG08,
author = {L. Wang and H. Jin and R. Yang and M. Gong},
title = {Stereoscopic inpainting: Joint color and depth completion from stereo images},
booktitle={IEEE Conference on Computer Vision and Pattern Recognition},
year={2008},
pages={1-8},
ISSN={1063-6919},
}

@article{TOC11,
author = {I. To\v{s}i\'{c} and B. A. Olshausen and B. J. Culpepper},
title = {Learning Sparse Representations of Depth},
journal = {IEEE Journal of Selectec Topics in Signal Processing},
volume = {5},
issue = {5},
pages = {941-952},
year = {2011},
}

@article{OF97,
author = {B. A. Olshausen and D. J. Field},
title = {Sparse coding with an overcomplete basis set: a strategy employed by V1?},
journal = {Vision Research},
volume = {37},
issue = {23},
pages = {3311-3325},
year = {1997},
month = dec,
    issn = {0042-6989},
}

@article{EFY10,
author = {M. Elad and M. A. T. Figueiredo and M. Yi},
title = {On the Role of Sparse and Redundant Representations in Image Processing},
journal = {Proceedings of the IEEE},
volume = {98},
issue = {6},
pages = {972-982},
year = {2010},
ISSN={0018-9219},
}


@book{Muthu05,
    author    = {S. Muthukrishnan},
    title     = {Data Streams: Algorithms and Applications,volume 1 of Found. Trends in Thoeretical Comput. Science},
    journal = {Foundations and Trends in Theoretical Computer Science},
 issue_date = {August 2005},
 volume = {1},
 number = {2},
 month = aug,
 year = {2005},
 issn = {1551-305X},
 pages = {117--236},
 numpages = {120},
 acmid = {1166410},
 publisher = {Now Publishers Inc.},
 address = {Hanover, MA, USA},
}

@article{CDS98,
author = {S. Chen and D. Donoho and M. Saunders},
title = {Atomic decomposition by basis pursuit},
journal = {SIAM Review},
 issue_date = {2001},
 volume = {43},
 number = {1},
 month = jan,
 year = {2001},
 issn = {0036-1445},
 pages = {129--159},
 numpages = {31},
 acmid = {588850},
 publisher = {Society for Industrial and Applied Mathematics},
 address = {Philadelphia, PA, USA},
}

@article{DH011,
author = {D. Donoho and X. Huo},
title = {Uncertainty principles and ideal atomic decomposition},
journal = {IEEE Transactions on Information Theory},
 issue_date = {November 2001},
 volume = {47},
 number = {7},
 month = sep,
 year = {2006},
 issn = {0018-9448},
 pages = {2845--2862},
 numpages = {18},
 acmid = {2266742},
 publisher = {IEEE Press},
 address = {Piscataway, NJ, USA},
}

@article{DH01,
 author = {Donoho, D. L. and Huo, X.},
 title = {Uncertainty Principles and Ideal Atomic Decomposition},
 journal = {IEEE Transactions on Information Theory},
 issue_date = {November 2001},
 volume = {47},
 number = {7},
 month = sep,
 year = {2006},
 issn = {0018-9448},
 pages = {2845--2862},
 numpages = {18},
 acmid = {2266742},
 publisher = {IEEE Press},
 address = {Piscataway, NJ, USA},
}

@article{GO09,
author = {T. Goldstein and S. Osher},
title = {The Split Bregman Method for L1-Regularized Problems},
journal = {SIAM Journal on Imaging Sciences},
 issue_date = {April 2009},
 volume = {2},
 number = {2},
 month = apr,
 year = {2009},
 issn = {1936-4954},
 pages = {323--343},
 numpages = {21},
 acmid = {1658386},
 publisher = {Society for Industrial and Applied Mathematics},
 address = {Philadelphia, PA, USA},
}

@book{Neumann66,
    author    = {J. Von Neumann},
    title     = {Theory of Self-Reproducing Automata},
year = {1966},
 publisher = {University of Illinois Press},
 address = {Champaign, IL, USA},
 editor = {Burks, Arthur W.},
}

@inproceedings{PP02,
author = {D. Popovici and A. Popovici},
title = {Cellular automata in image processing},
booktitle={15th International Symposium on Mathematical Theory of Networks and Systems},
year={2002},
}

@inproceedings{VK05,
author = {V. Vezhnevets and V. Konouchine},
title = {GrowCut: Interactive Multi-Label N-D Image Segmentation By Cellular Automata},
booktitle={GraphiCon},
year={2005},
}

@article{WYYZ08,
author = {Y. Wang and J. Yang and W. Yin and Y. Zhang},
title = {A new alternating minimization algorithm for total variation image reconstruction},
journal = {SIAM Journal on Imaging Sciences},
 issue_date = {July 2008},
 volume = {1},
 number = {3},
 month = aug,
 year = {2008},
 issn = {1936-4954},
 pages = {248--272},
 numpages = {25},
 acmid = {1658418},
 publisher = {Society for Industrial and Applied Mathematics},
 address = {Philadelphia, PA, USA},
}


@INPROCEEDINGS{Geiger12,
author={Geiger, A. and Lenz, P. and Urtasun, R.},
booktitle={IEEE Conference on Computer Vision and Pattern Recognition  },
title={Are we ready for autonomous driving? The KITTI vision benchmark suite},
year={2012},
pages={3354-3361},
ISSN={1063-6919},}


@article{Scharstein02,
 author = {Scharstein, Daniel and Szeliski, Richard},
 title = {A taxonomy and evaluation of dense two-frame stereo correspondence algorithms},
 journal = {International Journal of Computer Vision},
 issue_date = {April-June 2002},
 volume = {47},
 number = {1-3},
 month = apr,
 year = {2002},
 issn = {0920-5691},
 pages = {7--42},
 numpages = {36},
 acmid = {598475},
 publisher = {Kluwer Academic Publishers},
 address = {Hingham, MA, USA},
 keywords = {evaluation of performance, stereo correspondence software, stereo matching survey},
}


@article{Beck2009,
 author = {Beck, Amir and Teboulle, Marc},
 title = {A Fast Iterative Shrinkage-Thresholding Algorithm for Linear Inverse Problems},
 journal = {SIAM: SIAM Journal on Imaging Sciences},
 issue_date = {January 2009},
 volume = {2},
 number = {1},
 month = mar,
 year = {2009},
 issn = {1936-4954},
 pages = {183--202},
 numpages = {20},
 acmid = {1658364},
 publisher = {Society for Industrial and Applied Mathematics},
 address = {Philadelphia, PA, USA},
}


@ARTICLE{Zhang2000,
author={Zhengyou Zhang},
journal={IEEE Transactions on Pattern Analysis and Machine Intelligence },
title={A flexible new technique for camera calibration},
year={2000},
month={Nov},
volume={22},
number={11},
pages={1330-1334},
ISSN={0162-8828},}


@ARTICLE{Candes2008,
author={Candes, E.J. and Wakin, M.B.},
journal={Signal Processing Magazine, IEEE},
title={An Introduction To Compressive Sampling},
year={2008},
month={March},
volume={25},
number={2},
pages={21-30},

ISSN={1053-5888},}


@article{LeiBHG14,
  added-at = {2013-11-28T00:00:00.000+0100},
  author = {Lei, Yinjie and Bennamoun, Mohammed and Hayat, Munawar and Guo, Yulan},
  journal = {Pattern Recognition},
  keywords = {dblp},
  number = 2,
  pages = {509-524},
  title = {An efficient 3D face recognition approach using local geometrical signatures.},
  volume = 47,
  year = 2014
}

@article{Emanuele2013,
year={2013},
issn={0920-5691},
journal={International Journal of Computer Vision},
volume={102},
number={1-3},
title={A Scale Independent Selection Process for 3D Object Recognition in Cluttered Scenes},
publisher={Springer US},
author={Rodol{\`a}, Emanuele and Albarelli, Andrea and Bergamasco, Filippo and Torsello, Andrea},
pages={129-145},
language={English}
}

@article{Guo2013,
year={2013},
issn={0920-5691},
journal={International Journal of Computer Vision},
volume={105},
number={1},
title={Rotational Projection Statistics for 3D Local Surface Description and Object Recognition},
publisher={Springer US},
author={Guo, Yulan and Sohel, Ferdous and Bennamoun, Mohammed and Lu, Min and Wan, Jianwei},
pages={63-86},
language={English}
}


@ARTICLE{Huynh2008, 
author={Huynh-Thu, Q. and Ghanbari, M.}, 
journal={Electronics Letters}, 
title={Scope of validity of PSNR in image/video quality assessment}, 
year={2008}, 
month={June}, 
volume={44}, 
number={13}, 
pages={800-801}, 
ISSN={0013-5194},}


@ARTICLE{Figueiredo_2007_TIP, 
author={Figueiredo, M.AT. and Nowak, R.D. and Wright, S.J.}, 
journal={Selected Topics in Signal Processing, IEEE Journal of}, 
title={Gradient Projection for Sparse Reconstruction: Application to Compressed Sensing and Other Inverse Problems}, 
year={2007}, 
month={Dec}, 
volume={1}, 
number={4}, 
pages={586-597},  
ISSN={1932-4553},}



@article{Hale_2008_SIOPT,
 author = {Hale, Elaine T. and Yin, Wotao and Zhang, Yin},
 title = {Fixed-Point Continuation for $\ell_1$-Minimization: Methodology and Convergence},
 journal = {SIAM: SIAM Journal on Optimization},
 issue_date = {October 2008},
 volume = {19},
 number = {3},
 month = oct,
 year = {2008},
 issn = {1052-6234},
 pages = {1107--1130},
 numpages = {24},
 acmid = {1653912},
 publisher = {Society for Industrial and Applied Mathematics},
 address = {Philadelphia, PA, USA},
} 


@article{Wang_2010_SIIMS,
 author = {Wang, Yilun and Yin, Wotao},
 title = {Sparse Signal Reconstruction via Iterative Support Detection},
 journal = {SIAM: SIAM Journal on Imaging Sciences },
 issue_date = {July 2010},
 volume = {3},
 number = {3},
 month = aug,
 year = {2010},
 issn = {1936-4954},
 pages = {462--491},
 numpages = {30},
 acmid = {1958738},
 publisher = {Society for Industrial and Applied Mathematics},
 address = {Philadelphia, PA, USA},
} 


