@inproceedings{Kopf2007,
 author = {Kopf, Johannes and Cohen, Michael F. and Lischinski, Dani and Uyttendaele, Matt},
 title = {Joint bilateral upsampling},
 booktitle = {SIGGRAPH 2007},
}


@inproceedings{Yang2012,
 author = {Yang, Qingxiong},
 title = {A non-local cost aggregation method for stereo matching},
 booktitle = {CVPR 2012},
 %booktitle = {Proceedings of the 2012 IEEE Conference on Computer Vision and Pattern Recognition (CVPR)},
 series = {CVPR 2012},
 year = {2012},
 isbn = {978-1-4673-1226-4},
 pages = {1402--1409},
 numpages = {8},
 acmid = {2355045},
 publisher = {IEEE Computer Society},
 address = {Washington, DC, USA},
 keywords = {Image edge detection,Computational complexity,Runtime,Image color analysis,Stereo vision,Portable computers},
}


@InProceedings{Liu2013,
author = {Ming-Yu Liu and Oncel Tuzel and Yuichi Taguchi},
title = {Joint Geodesic Upsampling of Depth Images},
booktitle = {CVPR 2013},
%booktitle = {Proceedings of the 2013 IEEE Conference on Computer Vision and Pattern Recognition (CVPR)},
journal = {The IEEE Conference on Computer Vision and Pattern Recognition (CVPR)},
month = {June},
year = {2013}
}


@InProceedings{Mei2013,
author = {Xing Mei and Xun Sun and Weiming Dong and Haitao Wang and Xiaopeng Zhang},
title = {Segment-Tree Based Cost Aggregation for Stereo Matching},
booktitle = {Proceedings of the 2013 IEEE Conference on Computer Vision and Pattern Recognition (CVPR)},
journal = {The IEEE Conference on Computer Vision and Pattern Recognition (CVPR)},
month = {June},
year = {2013}
}


@ARTICLE{Barash2002,
author={Barash, D.},
journal={TPAMI},
title={Fundamental relationship between bilateral filtering, adaptive smoothing, and the nonlinear diffusion equation},
year={2002},
volume={24},
number={6},
pages={844-847},}






@INPROCEEDINGS{Diebel2005,
    author = {James Diebel and Sebastian Thrun},
    title = {An Application of Markov Random Fields to Range Sensing},
    booktitle = {NIPS 2005},
}


@inproceedings{Dolson2010,
  author = {Dolson, Jennifer and Baek, Jongmin and Plagemann, Christian and Thrun, Sebastian},
  booktitle = {CVPR 2010},
  title = {Upsampling range data in dynamic environments.},}


@INPROCEEDINGS{Park2011,
author={Jaesik Park and Hyeongwoo Kim and Yu-Wing Tai and Brown, M.S. and Inso Kweon},
title={High quality depth map upsampling for 3D-TOF cameras},
booktitle={ICCV 2011},
keywords={cameras;image sampling;image sensors;3D time-of-flight camera;3D-TOF cameras;device calibration;edge weighting scheme;high quality depth map upsampling;high-resolution RGB camera;scene warping;Cameras;Image color analysis;Image edge detection;Image resolution;Image segmentation;Joints;Three dimensional displays},
doi={10.1109/ICCV.2011.6126423},
ISSN={1550-5499},}

@inproceedings{YangJingyu2012,
 author = {Yang, Jingyu and Ye, Xinchen and Li},
 title = {Depth recovery using an adaptive color-guided auto-regressive model},
 booktitle = {ECCV 2012},
 isbn = {978-3-642-33714-7},
 location = {Florence, Italy},
 doi = {10.1007/978-3-642-33715-4_12},
 acmid = {2403152},
 keywords = {AR model, depth camera, depth recovery, nonlocal filtering},
}
%booktitle = {Proceedings of the 12th European conference on Computer Vision - Volume Part V},
%year = {2012},
%pages = {158--171},
%numpages = {14},
%publisher = {Springer-Verlag},
%address = {Berlin, Heidelberg},
%series = {ECCV'12},

@INPROCEEDINGS{YangQingxiong2007,
author={Qingxiong Yang and Ruigang Yang and Davis, J. and Nister, D.},
booktitle={CVPR 2007},
title={Spatial-Depth Super Resolution for Range Images},
keywords={image colour analysis;image enhancement;image resolution;high-resolution color images;image resolution enhancement;middlebury benchmark;spatial-depth super resolution;subpixel accuracy;Cameras;Color;Cost function;Filters;Image resolution;Markov random fields;Pulse measurements;Spatial resolution;Stereo vision;Time measurement},
doi={10.1109/CVPR.2007.383211},
ISSN={1063-6919},}
%%booktitle={Computer Vision and Pattern Recognition, 2007. CVPR '07. IEEE Conference on},
%year={2007},
%pages={1-8},

@inproceedings{Stawiaski2009,
  added-at = {2010-07-21T15:59:19.000+0200},
  author = {Stawiaski, Jean and Meyer, Fernand},
  booktitle = {ICIP 2009},
  date = {2010-05-24},
  interhash = {2c6c57b21999887cbe3d658b6721f9a0},
  intrahash = {93ca3949e643fe1a9989d0377b9bf9c8},
  isbn = {978-1-4244-5654-3},
  keywords = {dblp},
  timestamp = {2010-07-21T15:59:19.000+0200},
  title = {Minimum spanning tree adaptive image filtering.},

}
%  year = 2009
% publisher = {IEEE},
% pages = {2245-2248},

@inproceedings{Janakiraman2007,
author = {T. N. Janakiraman and P.V.S.S.R. Chandra Mouli},
title = {Image Segmentation Based on Minimal Spanning Tree and Cycles},
booktitle ={ICCIMA 2007},
}


@book{Sedgewick2011,
  author    = {Robert Sedgewick and
               Kevin Wayne},
  title     = {Algorithms, 4th Edition},
  publisher = {Addison-Wesley},
  year      = {2011},
  isbn      = {978-0-321-57351-3},
  pages     = {I-XII, 1-955},
  bibsource = {DBLP, http://dblp.uni-trier.de}
}


@article{Hu1961,
author = {T. C. Hu},
title = {The Maximum Capacity Route Problem},
journal ={Operations Research},
volume = {9},
year = {1961},
pages = {898-900},
publisher = {INFORMS},
}

@article{Pollack1960,
author = {Maurice Pollack},
title = {The Maximum Capacity through a Network},
journal ={Operations Research},
volume = {8},
year = {1960},
pages = {733-736},
publisher = {INFORMS},
}


@Article{Karger1995,
author = {David R. Karger, Philip N. Klein, Robert Endre Tarjan},
title = {A Randomized Linear-Time Algorithm to Find Minimum Spanning Trees},
journal = {Journal of the ACM},
year = {1995},
volume = {42},
pages = {321-328},
}

@article{Chong2001,
 author = {Chong, Ka Wong and Han, Yijie and Lam, Tak Wah},
 title = {Concurrent threads and optimal parallel minimum spanning trees algorithm},
 journal = {J. ACM},
 issue_date = {March 2001},
 volume = {48},
 number = {2},
 month = mar,
 year = {2001},
 issn = {0004-5411},
 pages = {297--323},
 numpages = {27},
 acmid = {375847},
 publisher = {ACM},
 address = {New York, NY, USA},
 keywords = {EREW PRAM, connected components, minimum spanning trees, parallel algorithms},
}


@article{Scharstein2002,
 author = {Scharstein, Daniel and Szeliski, Richard},
 title = {A Taxonomy and Evaluation of Dense Two-Frame Stereo Correspondence Algorithms},
 journal = {Int. J. Comput. Vision},
 issue_date = {April-June 2002},
 volume = {47},
 number = {1-3},
 month = apr,
 year = {2002},
 issn = {0920-5691},
 pages = {7--42},
 numpages = {36},
 acmid = {598475},
 publisher = {Kluwer Academic Publishers},
 address = {Hingham, MA, USA},
 keywords = {evaluation of performance, stereo correspondence software, stereo matching survey},
}

@inproceedings{Kim2013,
	author = {Kye-Hyeon Kim and Seungjin Choi},
	title = {Walking on Minimax Paths for k-NN Search},
	booktitle = {AAAI 2013},
}	
	

@ARTICLE{Fouss2007,
author={Fouss, F. and Pirotte, A. and Renders, J.-M. and Saerens, M.},
journal={TKDE},
title={Random-Walk Computation of Similarities between Nodes of a Graph with Application to Collaborative Recommendation},
year={2007},
volume={19},
number={3},
pages={355-369},}


@INPROCEEDINGS{Hirschmuller2007,
author={Hirschmuller, H. and Scharstein, D.},
booktitle={CVPR 2007},
title={Evaluation of Cost Functions for Stereo Matching},
}


@inproceedings{Vineet2009,
 author = {Vineet, Vibhav and Harish, Pawan and Patidar, Suryakant and Narayanan, P. J.},
 title = {Fast minimum spanning tree for large graphs on the GPU},
 booktitle = {HPG 2009},
}
%booktitle = {Proceedings of the Conference on High Performance Graphics 2009},
%series = {HPG '09},
%year = {2009},
%isbn = {978-1-60558-603-8},
% location = {New Orleans, Louisiana},
% pages = {167--171},
% numpages = {5},
% url = {http://doi.acm.org/10.1145/1572769.1572796},
% doi = {10.1145/1572769.1572796},
% acmid = {1572796},
% publisher = {ACM},
% address = {New York, NY, USA},

@inproceedings{He2010,
 author = {He, Kaiming and Sun, Jian and Tang, Xiaoou},
 title = {Guided image filtering},
 booktitle = {Proceedings of the 11th European conference on Computer vision: Part I},
 series = {ECCV'10},
 year = {2010},
 isbn = {3-642-15548-0, 978-3-642-15548-2},
 location = {Heraklion, Crete, Greece},
 pages = {1--14},
 numpages = {14},
 acmid = {1886065},
 publisher = {Springer-Verlag},
 address = {Berlin, Heidelberg},
}


@article{Chebotarev2011,
 author = {Chebotarev, Pavel},
 title = {A class of graph-geodetic distances generalizing the shortest-path and the resistance distances},
 journal = {Discrete Appl. Math.},
 issue_date = {March, 2011},
 volume = {159},
 number = {5},
 month = mar,
 year = {2011},
 issn = {0166-218X},
 pages = {295--302},
 numpages = {8},
 acmid = {1931331},
 publisher = {Elsevier Science Publishers B. V.},
 address = {Amsterdam, The Netherlands, The Netherlands},
 keywords = {Forest distance, Graph bottleneck identity, Matrix forest theorem, Regularized Laplacian kernel, Resistance distance, Shortest path distance, Spanning rooted forest, Transitional measure},
}


@article{Mantrach2010,
 author = {Mantrach, Amin and Yen},
 title = {The Sum-over-Paths Covariance Kernel: A Novel Covariance Measure between Nodes of a Directed Graph},
 journal = {TPAMI.},
 issue_date = {June 2010},
 volume = {32},
 number = {6},
 month = jun,
 year = {2010},
 issn = {0162-8828},
 pages = {1112--1126},
 numpages = {15},
 acmid = {1804167},
 publisher = {IEEE Computer Society},
 address = {Washington, DC, USA},
 keywords = {Graph mining, Graph mining, kernel on a graph, shortest path, correlation measure, betweenness measure, resistance distance, commute time distance, biased random walk, semi-supervised classification., betweenness measure, biased random walk, commute time distance, correlation measure, kernel on a graph, resistance distance, semi-supervised classification., shortest path},
}


@INPROCEEDINGS{Yen2008,
    author = {Luh Yen and Marco Saerens and Amin Mantrach and Masashi Shimbo},
    title = {A family of dissimilarity measures between nodes generalizing both the shortest-path and the commute-time distances},
    booktitle = {in Proceedings of the 14th SIGKDD International Conference on Knowledge Discovery and Data Mining},
    year = {2008},
    pages = {785--793}
}


@INPROCEEDINGS{Theobalt2008,
AUTHOR = {Chan, Derek and Buisman, Hylke and Theobalt, Christian and Thrun, Sebastian},
EDITOR = {Cavallaro, Andrea and Aghajan, Hamid},
TITLE = {A Noise-Aware Filter for Real-Time Depth Upsampling},
BOOKTITLE = {ECCV Workshop on Multi-camera and Multi-modal Sensor Fusion Algorithms and Applications},
YEAR = {2008},
PAGES = {1--12},
ADDRESS = {Marseille, France},
}


@article{Adams2009,
 author = {Adams, Andrew and Gelfand, Natasha and Dolson, Jennifer and Levoy, Marc},
 title = {Gaussian KD-trees for Fast High-dimensional Filtering},
 journal = {ACM Trans. Graph.},
 issue_date = {August 2009},
 volume = {28},
 number = {3},
 month = jul,
 year = {2009},
 issn = {0730-0301},
 pages = {21:1--21:12},
 articleno = {21},
 numpages = {12},
 publisher = {ACM},
 address = {New York, NY, USA},
}



@inproceedings{ferstl2013b,
author = {David Ferstl and Christian Reinbacher and Rene Ranftl and Matthias Ruether and Horst Bischof},
title = {Image Guided Depth Upsampling using Anisotropic Total Generalized Variation},
booktitle = {ICCV},
year = {2013},
}


@InProceedings{Kiechle_2013_ICCV,
author = {Kiechle, Martin and Hawe, Simon and Kleinsteuber, Martin},
title = {A Joint Intensity and Depth Co-sparse Analysis Model for Depth Map Super-resolution},
booktitle = {ICCV},
year = {2013}
}


@article{Huhle2010,
 author = {Huhle, Benjamin and Schairer, Timo and Jenke, Philipp and Stra\'{\i}er, Wolfgang},
 title = {Fusion of Range and Color Images for Denoising and Resolution Enhancement with a Non-local Filter},
 journal = {Comput. Vis. Image Underst.},
 volume = {114},
 number = {12},
 month = dec,
 year = {2010},
 issn = {1077-3142},
 pages = {1336--1345},
 numpages = {10},
}


@ARTICLE{Saerens2009,
author={Saerens, M and Achbany, Y and Fouss, F and Yen, L},
journal={Neural Computation},
title={Randomized Shortest-Path Problems: Two Related Models},
year={2009},
month={Aug},
volume={21},
number={8},
pages={2363-2404},
}


@inproceedings{Yen:2008,
 author = {Yen, Luh and Saerens, Marco and Mantrach, Amin and Shimbo, Masashi},
 title = {A Family of Dissimilarity Measures Between Nodes Generalizing Both the Shortest-path and the Commute-time Distances},
 booktitle = {KDD},
 year = {2008},
 isbn = {978-1-60558-193-4},
 location = {Las Vegas, Nevada, USA},
 pages = {785--793},
 numpages = {9},
}


@INPROCEEDINGS{Ferstl_ICCV_2013,
author={Ferstl, D. and Reinbacher, C. and Ranftl, R. and Ruether, M. and Bischof, H.},
booktitle={ IEEE International Conference on Computer Vision},
title={Image Guided Depth Upsampling Using Anisotropic Total Generalized Variation},
year={2013},
month={Dec},
pages={993-1000},}
