@inproceedings{Kopf2007,
 author = {Kopf, Johannes and Cohen, Michael F. and Lischinski, Dani and Uyttendaele, Matt},
 title = {Joint Bilateral Upsampling},
 booktitle = {ACM SIGGRAPH 2007 Papers},
 series = {SIGGRAPH '07},
 year = {2007},
 location = {San Diego, California},
 articleno = {96},
 acmid = {1276497},
 publisher = {ACM},
 address = {New York, NY, USA},
 keywords = {bilateral filter, upsampling},
}


@INPROCEEDINGS{Yang2012,
author={Qingxiong Yang},
booktitle={IEEE Conference on Computer Vision and Pattern Recognition },
title={A non-local cost aggregation method for stereo matching},
year={2012},
month={June},
pages={1402-1409},
ISSN={1063-6919},}


@INPROCEEDINGS{Liu2013,
author={Ming-Yu Liu and Tuzel, O. and Taguchi, Y.},
booktitle={IEEE Conference on Computer Vision and Pattern Recognition },
title={Joint Geodesic Upsampling of Depth Images},
year={2013},
month={June},
pages={169-176},
ISSN={1063-6919},}


@INPROCEEDINGS{Mei2013,
author={Xing Mei and Xun Sun and Weiming Dong and Haitao Wang and Xiaopeng Zhang},
booktitle={IEEE Conference on Computer Vision and Pattern Recognition },
title={Segment-Tree Based Cost Aggregation for Stereo Matching},
year={2013},
month={June},
pages={313-320},
ISSN={1063-6919},}



@ARTICLE{Barash2002,
author={Barash, D.},
journal={IEEE Transactions on Pattern Analysis and Machine Intelligence },
title={Fundamental relationship between bilateral filtering, adaptive smoothing, and the nonlinear diffusion equation},
year={2002},
month={Jun},
volume={24},
number={6},
pages={844-847},
ISSN={0162-8828},}


@article{Dai_Neurocomputing_2015,
  author = {Longquan Dai and Haoxing Wang and Xiaopeng Zhang},
  journal = {Neurocomputing},
  year = 2015,
  title = "Depth map upsampling using compressive sensing based model",
  doi = {10.1016/j.neucom.2014.11.060},
  url = {http://dx.doi.org/10.1016/j.neucom.2014.11.060}
}

@inproceedings{Diebel2005,
    author = {Diebel, James and Thrun, Sebastian},
    booktitle = {Proceedings of Advanced Neural Information Processing Systems},
    pages = {291--298},
    posted-at = {2008-03-14 00:43:39},
    priority = {2},
    title = {{An application of markov random fields to range sensing}},
    year = {2005}
}


@INPROCEEDINGS{Dolson2010,
author={Dolson, J. and Jongmin Baek and Plagemann, C. and Thrun, S.},
booktitle={IEEE Conference on Computer Vision and Pattern Recognition  },
title={Upsampling range data in dynamic environments},
year={2010},
month={June},
pages={1141-1148},
ISSN={1063-6919},}



@INPROCEEDINGS{Park2011,
author={Jaesik Park and Hyeongwoo Kim and Yu-Wing Tai and Brown, M.S. and Inso Kweon},
booktitle={IEEE International Conference on Computer Vision },
title={High quality depth map upsampling for 3D-TOF cameras},
year={2011},
month={Nov},
pages={1623-1630},
ISSN={1550-5499},}

@inproceedings{YangJingyu2012,
 author = {Yang, Jingyu and Ye, Xinchen and Li, Kun and Hou, Chunping},
 title = {Depth Recovery Using an Adaptive Color-guided Auto-regressive Model},
 booktitle = {Proceedings of the 12th European Conference on Computer Vision},
 year = {2012},
 isbn = {978-3-642-33714-7},
 location = {Florence, Italy},
 pages = {158--171},
 numpages = {14},
 acmid = {2403152},
 publisher = {Springer-Verlag},
 address = {Berlin, Heidelberg},
 keywords = {AR model, depth camera, depth recovery, nonlocal filtering},
}






@INPROCEEDINGS{YangQingxiong2007,
author={Qingxiong Yang and Ruigang Yang and Davis, J. and Nister, D.},
booktitle={IEEE Conference on Computer Vision and Pattern Recognition },
title={Spatial-Depth Super Resolution for Range Images},
year={2007},
month={June},
pages={1-8},
ISSN={1063-6919},}


@INPROCEEDINGS{Stawiaski2009,
author={Stawiaski, J. and Meyer, F.},
booktitle={IEEE International Conference on Image Processing},
title={Minimum spanning tree adaptive image filtering},
year={2009},
month={Nov},
pages={2245-2248},
ISSN={1522-4880},}


@inproceedings{Janakiraman2007,
 author = {Janakiraman, T. N. and Mouli, P. V. S. S. R.  Chandra},
 title = {Image Segmentation Based on Minimal Spanning Tree and Cycles},
 booktitle = {Proceedings of the International Conference on Computational Intelligence and Multimedia Applications },
 year = {2007},
 isbn = {0-7695-3050-8},
 pages = {215--219},
 numpages = {5},
 acmid = {1335459},
 publisher = {IEEE Computer Society},
 address = {Washington, DC, USA},
}


@book{Sedgewick2011,
  author    = {Robert Sedgewick and
               Kevin Wayne},
  title     = {Algorithms, 4th Edition},
  publisher = {Addison-Wesley},
  year      = {2011},
  isbn      = {978-0-321-57351-3},
  pages     = {I-XII, 1-955},
}


@article{Hu1961,
author = {T. C. Hu},
title = {The Maximum Capacity Route Problem},
journal ={Operations Research},
volume = {9},
year = {1961},
pages = {898-900},
publisher = {INFORMS},
}

@article{Pollack1960,
author = {Maurice Pollack},
title = {The Maximum Capacity through a Network},
journal ={Operations Research},
volume = {8},
year = {1960},
pages = {733-736},
publisher = {INFORMS},
}


@Article{Karger1995,
author = {David R. Karger, Philip N. Klein, Robert Endre Tarjan},
title = {A Randomized Linear-Time Algorithm to Find Minimum Spanning Trees},
journal = {Journal of the ACM},
year = {1995},
volume = {42},
pages = {321-328},
}

@article{Chong2001,
 author = {Chong, Ka Wong and Han, Yijie and Lam, Tak Wah},
 title = {Concurrent threads and optimal parallel minimum spanning trees algorithm},
 journal = {Journal of the ACM},
 issue_date = {March 2001},
 volume = {48},
 number = {2},
 month = mar,
 year = {2001},
 issn = {0004-5411},
 pages = {297--323},
 numpages = {27},
 acmid = {375847},
 publisher = {ACM},
 address = {New York, NY, USA},
 keywords = {EREW PRAM, connected components, minimum spanning trees, parallel algorithms},
}


@article{Scharstein2002,
 author = {Scharstein, Daniel and Szeliski, Richard},
 title = {A Taxonomy and Evaluation of Dense Two-Frame Stereo Correspondence Algorithms},
 journal = {International Journal of Computer Vision},
 issue_date = {April-June 2002},
 volume = {47},
 number = {1-3},
 month = apr,
 year = {2002},
 issn = {0920-5691},
 pages = {7--42},
 numpages = {36},
 acmid = {598475},
 publisher = {Kluwer Academic Publishers},
 address = {Hingham, MA, USA},
 keywords = {evaluation of performance, stereo correspondence software, stereo matching survey},
}

@inproceedings{Kim2013,
	author = {Kye-Hyeon Kim and Seungjin Choi},
	title = {Walking on Minimax Paths for k-NN Search},
	booktitle = {AAAI 2013},
	year={2013},
}	
	

@ARTICLE{Fouss2007,
author={Fouss, F. and Pirotte, A. and Renders, J.-M. and Saerens, M.},
journal={TKDE},
title={Random-Walk Computation of Similarities between Nodes of a Graph with Application to Collaborative Recommendation},
year={2007},
volume={19},
number={3},
pages={355-369},}



@INPROCEEDINGS{Hirschmuller2007,
author={Hirschmuller, H. and Scharstein, D.},
booktitle={IEEE Conference on Computer Vision and Pattern Recognition },
title={Evaluation of Cost Functions for Stereo Matching},
year={2007},
month={June},
pages={1-8},
ISSN={1063-6919},}


@inproceedings{Vineet2009,
 author = {Vineet, Vibhav and Harish, Pawan and Patidar, Suryakant and Narayanan, P. J.},
 booktitle = {HPG 2009},
 title = {Fast minimum spanning tree for large graphs on the GPU},
 location = {New Orleans, Louisiana},
 pages = {167--171},
 address = {New York, NY, USA},
 publisher = {ACM},
 year = {2009},
}
%booktitle = {Proceedings of the Conference on High Performance Graphics 2009},
%series = {HPG '09},
%year = {2009},
%isbn = {978-1-60558-603-8},
% location = {New Orleans, Louisiana},
% pages = {167--171},
% numpages = {5},
% url = {http://doi.acm.org/10.1145/1572769.1572796},
% doi = {10.1145/1572769.1572796},
% acmid = {1572796},
% publisher = {ACM},
% address = {New York, NY, USA},

@inproceedings{He2010,
 author = {He, Kaiming and Sun, Jian and Tang, Xiaoou},
 title = {Guided image filtering},
 booktitle = {Proceedings of the 11th European conference on Computer vision},
 year = {2010},
 isbn = {3-642-15548-0, 978-3-642-15548-2},
 location = {Heraklion, Crete, Greece},
 pages = {1--14},
 numpages = {14},
 acmid = {1886065},
 publisher = {Springer-Verlag},
 address = {Berlin, Heidelberg},
}


@article{Chebotarev2011,
 author = {Chebotarev, Pavel},
 title = {A class of graph-geodetic distances generalizing the shortest-path and the resistance distances},
 journal = {Discrete Applied Mathematics},
 issue_date = {March, 2011},
 volume = {159},
 number = {5},
 month = mar,
 year = {2011},
 issn = {0166-218X},
 pages = {295--302},
 numpages = {8},
 acmid = {1931331},
 publisher = {Elsevier Science Publishers B. V.},
 address = {Amsterdam, The Netherlands, The Netherlands},
}


@article{Mantrach2010,
 author = {Mantrach, Amin and Yen},
 title = {The Sum-over-Paths Covariance Kernel: A Novel Covariance Measure between Nodes of a Directed Graph},
 journal = {IEEE Transactions on Pattern Analysis and Machine Intelligence},
 issue_date = {June 2010},
 volume = {32},
 number = {6},
 month = jun,
 year = {2010},
 issn = {0162-8828},
 pages = {1112--1126},
 numpages = {15},
 acmid = {1804167},
 publisher = {IEEE Computer Society},
 address = {Washington, DC, USA},
}


@INPROCEEDINGS{Yen2008,
    author = {Luh Yen and Marco Saerens and Amin Mantrach and Masashi Shimbo},
    title = {A family of dissimilarity measures between nodes generalizing both the shortest-path and the commute-time distances},
    booktitle = { Proceedings of the 14th SIGKDD International Conference on Knowledge Discovery and Data Mining},
    year = {2008},
    pages = {785--793}
}


@INPROCEEDINGS{Theobalt2008,
AUTHOR = {Chan, Derek and Buisman, Hylke and Theobalt, Christian and Thrun, Sebastian},
EDITOR = {Cavallaro, Andrea and Aghajan, Hamid},
TITLE = {A Noise-Aware Filter for Real-Time Depth Upsampling},
BOOKTITLE = {ECCV Workshop on Multi-camera and Multi-modal Sensor Fusion Algorithms and Applications},
YEAR = {2008},
PAGES = {1--12},
ADDRESS = {Marseille, France},
}


@inproceedings{Li_ACCV_2012,
 author = {Li, Jing and Zeng, Gang and Gan, Rui and Zha, Hongbin and Wang, Long},
 title = {A Bayesian Approach to Uncertainty-based Depth Map Super Resolution},
 booktitle = {Proceedings of the 11th Asian Conference on Computer Vision },
 year = {2013},
 isbn = {978-3-642-37446-3},
 location = {Daejeon, Korea},
 pages = {205--216},
 numpages = {12},
 acmid = {2482126},
 publisher = {Springer-Verlag},
 address = {Berlin, Heidelberg},
}


@article{boruvka_1926,
    author = {Boruvka, Otakar},
    citeulike-article-id = {2743581},
    journal = {Pr\'{a}ce Mor. Pr\'{\i}rodoved. Spol. v Brne III},
    keywords = {file-import-08-05-01},
    posted-at = {2008-05-01 23:40:56},
    priority = {2},
    title = {{ O Jist\'{e}m Probl\'{e}mu Minim\'{a}ln\'{\i}m (About a Certain Minimal Problem) (in Czech, German summary)}},
    volume = {3},
    year = {1926}
}


@article{Prim_BSTJ_1957,
  added-at = {2012-08-18T21:03:01.000+0200},
  author = {Prim, R. C.},
  date-added = {2007-09-10 14:25:36 -0300},
  date-modified = {2007-09-10 14:25:36 -0300},
  groups = {public},
  interhash = {de719907fc58b235b661105b97bcf9d0},
  intrahash = {20a5e8c6a20ba4f54685e80a09237e37},
  journal = {The Bell Systems Technical Journal},
  keywords = {},
  number = 6,
  pages = {1389--1401},
  timestamp = {2012-08-18T21:03:01.000+0200},
  title = {Shortest Connection Networks and some Generalizations},
  username = {dalbem},
  volume = 36,
  year = 1957
}

@inproceedings{Kruskal_AMS_1956,
  author = {Kruskal, J. B.},
  booktitle = {Proceedings of the American Mathematical Society, 7},
  title = {{On the Shortest Spanning Subtree of a Graph and the
       Traveling Salesman Problem}},
  year = 1956
}


@article{Johnson_JACM_1977,
 author = {Johnson, Donald B.},
 title = {Efficient Algorithms for Shortest Paths in Sparse Networks},
 journal = {Journal of the ACM},
 volume = {24},
 number = {1},
 month = jan,
 year = {1977},
 issn = {0004-5411},
 pages = {1--13},
 numpages = {13},
 publisher = {ACM},
 address = {New York, NY, USA},
}


@ARTICLE{Wang_TIP_2004,
author={Zhou Wang and Bovik, AC. and Sheikh, H.R. and Simoncelli, E.P.},
journal={IEEE Transactions on Image Processing},
title={Image quality assessment: from error visibility to structural similarity},
year={2004},
month={April},
volume={13},
number={4},
pages={600-612},
}


@ARTICLE{Huynh_EL_2008,
author={Huynh-Thu, Q. and Ghanbari, M.},
journal={Electronics Letters},
title={Scope of validity of PSNR in image/video quality assessment},
year={2008},
month={June},
volume={44},
number={13},
pages={800-801},}


@ARTICLE{Choi_TIP_2014,
author={Ouk Choi and Seung-Won Jung},
journal={IEEE Transactions on Image Processing},
title={A Consensus-Driven Approach for Structure and Texture Aware Depth Map Upsampling},
year={2014},
month={Aug},
volume={23},
number={8},
pages={3321-3335},
}


@ARTICLE{Kang_ET_2014,
author={Kang, Y.S. and Lee, S.B. and Ho, Y.S.},
journal={Electronics Letters},
title={Depth map upsampling using depth local features},
year={2014},
month={January},
volume={50},
number={3},
pages={170-171},
}



@INPROCEEDINGS{Lai_ICRA_2011, 
author={Lai, K. and Liefeng Bo and Xiaofeng Ren and Fox, D.}, 
booktitle={IEEE International Conference on Robotics and Automation }, 
title={A large-scale hierarchical multi-view RGB-D object dataset}, 
year={2011}, 
month={May}, 
pages={1817-1824}, 
}


@INPROCEEDINGS{Bo_CVPR_2011, 
author={Liefeng Bo and Lai, K. and Xiaofeng Ren and Fox, D.}, 
booktitle={IEEE Conference on Computer Vision and Pattern Recognition}, 
title={Object recognition with hierarchical kernel descriptors}, 
year={2011}, 
month={June}, 
pages={1729-1736},}


@INPROCEEDINGS{Ekmekcioglu_ICIP_2009, 
author={Ekmekcioglu, E. and Mrak, M. and Worrall, S. and Kondoz, A.}, 
booktitle={IEEE International Conference on Image Processing }, 
title={Utilisation of edge adaptive upsampling in compression of depth map videos for enhanced free-viewpoint rendering}, 
year={2009}, 
month={Nov}, 
pages={733-736}, 
}

@INPROCEEDINGS{Yang_ICME_2014, 
author={Yuxiang Yang and Junjie Cai and Zhengjun Zha and MingYu Gao and Qi Tian}, 
booktitle={IEEE International Conference on Multimedia and Expo}, 
title={A Stereo-Vision-Assisted model for depth map super-resolution}, 
year={2014}, 
month={July}, 
pages={1-6}, 
}



@ARTICLE{Yang_NC_2015,
author={Yuxiang Yang and Mingyu Gaoa and Jing Zhang and Zhengjun Zha and Zengfu Wang},
journal={Neurocomputing},
title={Depth map super-resolution using stereo-vision-assisted model},
year={2015},
month={February},
volume={149},
number={C},
pages={1396–1406},
}